<?xml version="1.0" encoding="utf-8"?>
<record xmlns="http://www.loc.gov/MARC21/slim" xmlns:xsi="http://www.w3.org/2001/XMLSchema-instance" xsi:schemaLocation="http://www.loc.gov/MARC21/slim http://www.loc.gov/standards/marcxml/schema/MARC21slim.xsd">
	<leader>
		03060nam a2200433   4500
	</leader>
	<controlfield tag="001">
		001678776
	</controlfield>
	<controlfield tag="003">
		NNU
	</controlfield>
	<controlfield tag="006">
		m        d        
	</controlfield>
	<controlfield tag="007">
		cr cn |||m|||a
	</controlfield>
	<controlfield tag="008">
		160224s1924    ua h    ob    000 0 ara  
	</controlfield>
	<datafield ind1=" " ind2=" " tag="040">
		<subfield code="a">
			NNU
		</subfield>
		<subfield code="b">
			eng
		</subfield>
		<subfield code="e">
			rda
		</subfield>
		<subfield code="c">
			NNU
		</subfield>
	</datafield>
	<datafield ind1=" " ind2="4" tag="050">
		<subfield code="a">
			DT95.5
		</subfield>
		<subfield code="b">
			.I1717 1924
		</subfield>
	</datafield>
	<datafield ind1="1" ind2=" " tag="100">
		<subfield code="6">
			880-01
		</subfield>
		<subfield code="a">
			Ibn al-Ṣayrafī, ʻAlī ibn Munjib,
		</subfield>
		<subfield code="d">
			1071-1147.
		</subfield>
	</datafield>
	<datafield ind1="1" ind2="0" tag="240">
		<subfield code="6">
			880-02
		</subfield>
		<subfield code="a">
			Ishārah ilā man nāla al-wizārah
		</subfield>
	</datafield>
	<datafield ind1="1" ind2="3" tag="245">
		<subfield code="6">
			880-03
		</subfield>
		<subfield code="a">
			al-Ishārah ilā man nāla al-wizārah /
		</subfield>
		<subfield code="c">
			taʼlīf Amīn al-Dīn Tāj al-Riyāsah Abī al-Qāsim ʻAlī ibn Munjib ibn Sulaymān al-shahīr bi-Ibn akl-Ṣayrafī al-Miṣrī ; ʻuniya bi-taḥqīqih wa-al-taʻlīq ʻalayh ʻAbd Allāh Mukhliṣ ʻan al-naskhah al-waḥīdah al-maḥfūẓah fī khazānat al-Kutub al-Khālidīyah bi-Bayt al-Maqdis.
		</subfield>
	</datafield>
	<datafield ind1=" " ind2=" " tag="260">
		<subfield code="6">
			880-04
		</subfield>
		<subfield code="a">
			al-Qāhirah :
		</subfield>
		<subfield code="b">
			Maṭbaʻat al-Maʻhad al-ʻIlmī al-Firansī,
		</subfield>
		<subfield code="c">
			1924
		</subfield>
		<subfield code="a">
			[Baghdād] :
		</subfield>
		<subfield code="b">
			[Maktabat al-Muthanná],
		</subfield>
		<subfield code="c">
			[1964?]
		</subfield>
	</datafield>
	<datafield ind1=" " ind2=" " tag="300">
		<subfield code="a">
			online resource (86 pages) :
		</subfield>
		<subfield code="b">
			facsimiles
		</subfield>
	</datafield>
	<datafield ind1=" " ind2=" " tag="336">
		<subfield code="a">
			text
		</subfield>
		<subfield code="2">
			rdacontent
		</subfield>
	</datafield>
	<datafield ind1=" " ind2=" " tag="337">
		<subfield code="a">
			computer
		</subfield>
		<subfield code="2">
			rdamedia
		</subfield>
	</datafield>
	<datafield ind1=" " ind2=" " tag="338">
		<subfield code="a">
			online resource
		</subfield>
		<subfield code="2">
			rdacarrier
		</subfield>
	</datafield>
	<datafield ind1=" " ind2=" " tag="500">
		<subfield code="a">
			Pages numbered also in reverse sequence, 49-111.
		</subfield>
	</datafield>
	<datafield ind1=" " ind2=" " tag="500">
		<subfield code="a">
			Part of the Arabic Collections Online (ACO) project, contributed by New York Univeristy Libraries.
		</subfield>
	</datafield>
	<datafield ind1=" " ind2=" " tag="504">
		<subfield code="a">
			Includes bibliographical references (pages 70-74).
		</subfield>
	</datafield>
	<datafield ind1=" " ind2=" " tag="533">
		<subfield code="a">
			Electronic reproduction.
		</subfield>
		<subfield code="b">
			New York, N.Y. :
		</subfield>
		<subfield code="c">
			New York University,
		</subfield>
		<subfield code="d">
			2016.
		</subfield>
		<subfield code="5">
			NNU
		</subfield>
	</datafield>
	<datafield ind1=" " ind2="0" tag="650">
		<subfield code="a">
			Fatimites.
		</subfield>
	</datafield>
	<datafield ind1=" " ind2="7" tag="650">
		<subfield code="a">
			Fatimites.
		</subfield>
		<subfield code="2">
			fast
		</subfield>
		<subfield code="0">
			(OCoLC)fst00921954
		</subfield>
	</datafield>
	<datafield ind1="1" ind2=" " tag="700">
		<subfield code="6">
			880-05
		</subfield>
		<subfield code="a">
			Mukhliṣ, ʻAbd Allāh,
		</subfield>
		<subfield code="d">
			1878-1947.
		</subfield>
	</datafield>
	<datafield ind1="2" ind2=" " tag="710">
		<subfield code="a">
			New York University.
		</subfield>
		<subfield code="b">
			Libraries.
		</subfield>
	</datafield>
	<datafield ind1="0" ind2=" " tag="730">
		<subfield code="a">
			Arabic Collections Online.
		</subfield>
	</datafield>
	<datafield ind1="0" ind2="8" tag="776">
		<subfield code="i">
			Online version:
		</subfield>
		<subfield code="a">
			Ibn al-Ṣayrafī, ʻAlī ibn Munjib, 1071-1147.
		</subfield>
		<subfield code="t">
			Ishārah ilā man nāla al-wizārah.
		</subfield>
		<subfield code="d">
			al-Qāhirah : Maṭbaʻat al-Maʻhad al-ʻIlmī al-Firansī, 1924 [Baghdād : Maktabat al-Muthanná, 1964?]
		</subfield>
		<subfield code="w">
			(OCoLC)603928557
		</subfield>
	</datafield>
	<datafield ind1="0" ind2="8" tag="776">
		<subfield code="i">
			Print version:
		</subfield>
		<subfield code="a">
			Ibn al-Ṣayrafī, ʻAlī ibn Munjib, 1071-1147.
		</subfield>
		<subfield code="t">
			al-Ishārah ilā man nāla al-wizārah
		</subfield>
		<subfield code="w">
			(NNU)001678776
		</subfield>
		<subfield code="w">
			(DLC)ne 68000195
		</subfield>
	</datafield>
	<datafield ind1="4" ind2="0" tag="856">
		<subfield code="u">
			http://hdl.handle.net/2333.1/vx0k6hrh
		</subfield>
	</datafield>
	<datafield ind1="1" ind2=" " tag="880">
		<subfield code="6">
			100-01/
		</subfield>
		<subfield code="a">
			ابن الصيرفي، علي بن منجب،
		</subfield>
		<subfield code="d">
			1071-1147.
		</subfield>
	</datafield>
	<datafield ind1="1" ind2="0" tag="880">
		<subfield code="6">
			240-02/
		</subfield>
		<subfield code="a">
			إشارة إلى من نال الوزارة
		</subfield>
	</datafield>
	<datafield ind1="1" ind2="2" tag="880">
		<subfield code="6">
			245-03/
		</subfield>
		<subfield code="a">
			الإشارة إلى من نال الوزارة /
		</subfield>
		<subfield code="c">
			تأليف أمين الدين تاج الرياسة أبي القاسم علي بن منجب بن سليمان الشهير بابن الصيرفي المصري ؛ عني بتحقيقه والتعليق عليه عبد الله مخلص عن النسخة الوحيدة المحفوظة في خزانة الكتب الخالدية ببيت المقدس.
		</subfield>
	</datafield>
	<datafield ind1=" " ind2=" " tag="880">
		<subfield code="6">
			260-04/
		</subfield>
		<subfield code="a">
			القاهرة :
		</subfield>
		<subfield code="b">
			مطبعة المعهد العلمي الفرنسي،
		</subfield>
		<subfield code="c">
			1924
		</subfield>
		<subfield code="a">
			[بغداد] :
		</subfield>
		<subfield code="b">
			[مكتبة المثنى]،
		</subfield>
		<subfield code="c">
			[1964؟]
		</subfield>
	</datafield>
	<datafield ind1="1" ind2=" " tag="880">
		<subfield code="6">
			700-05/
		</subfield>
		<subfield code="a">
			مخلص، عبد الله،
		</subfield>
		<subfield code="d">
			1878-1947.
		</subfield>
	</datafield>
	<datafield ind1=" " ind2=" " tag="959">
		<subfield code="a">
			NNU
		</subfield>
		<subfield code="b">
			WEB
		</subfield>
		<subfield code="c">
			GENI
		</subfield>
		<subfield code="t">
			0
		</subfield>
		<subfield code="m">
			Electronic access
		</subfield>
		<subfield code="s">
			01
		</subfield>
	</datafield>
	<datafield ind1=" " ind2=" " tag="999">
		<subfield code="i">
			NNU_001678776
		</subfield>
		<subfield code="s">
			nyu_aco001504
		</subfield>
	</datafield>
</record>
